@Webpage{JavaScript,
  author =       "{MDN contributors}",
  title =        "JavaScript",
  howpublished = "online",
  publisher =    "MDN Web Docs",
  year =         "2023",
  month =        "2",
  day =          "20",
  url =          "https://developer.mozilla.org/en-US/docs/Web/JavaScript",
  cited =        "!2023-02-25"
}

@Webpage{CSharp,
  author =       "Bill Wagner and Tom Dykstra and Rodrigo Costa M. Santos and others",
  title =        "Prohlídka jazyka C\#",
  howpublished = "online",
  publisher =    "Microsoft Learn",
  year =         "2022",
  month =        "9",
  day =          "22",
  url =          "https://learn.microsoft.com/cs-cz/dotnet/csharp/tour-of-csharp/",
  cited =        "!2023-02-26"
}

@Webpage{PHP_is,
  author =       "{PHP Group}",
  title =        "What is PHP?",
  howpublished = "online",
  publisher =    "php",
  url =          "https://www.php.net/manual/en/intro-whatis.php",
  cited =        "!2023-02-26"
}

@Webpage{PHP_can_do,
  author =       "{PHP Group}",
  title =        "What can PHP do?",
  howpublished = "online",
  publisher =    "php",
  url =          "https://www.php.net/manual/en/intro-whatcando.php",
  cited =        "!2023-03-02"
}

@Webpage{Python,
  key =          "The Python Tutorial",
  author =       "",
  title =        "The Python Tutorial",
  howpublished = "online",
  publisher =    "Python documentation",
  year =         "2023",
  month =        "2",
  day =          "26",
  url =          "https://docs.python.org/3/tutorial/",
  cited =        "!2023-02-27"
}

@Article{Ctenar_12_2015,
  author          = {Milan Vilímek Jihlavský},
  journal         = {Čtenář\,--\,Měsíčník pro knihovny},
  number          = {12},
  title           = {Jak se vyhnout typografickým hříchům},
  volume          = {67},
  year            = {2015},
  month           = {12},
  pages           = {449--451},
  issn            = {1805-4064},
  howpublished    = {online},
  cited           = {!2023-03-25},
  url             = {https://svkkl.cz/ctenar/clanek/891},
}

@Webpage{Chlubna,
  author          = {Tomáš Chlubna},
  howpublished    = {online},
  title           = {The Holy Grail},
  secondarytitle  = {Nejčastější chyby při psaní bakalářských a diplomových prací},
  day             = {},
  month           = {},
  year            = {},
  revised         = {},
  cited           = {!2023-03-25},
  url             = {https://www.fit.vutbr.cz/~ichlubna/random/index.php?section=mistakes},
}